@article{Abbe,
    author = "Emmanuel Abbe",
    title = "{Community detection and stochastic block models : Recent developments}. ({English})
    [{On} the electrodynamics of moving bodies]",
    journal = "Annalen der Physik",
    volume = "322",
    number = "10",
    pages = "891--921",
    year = "1905",
    DOI = "http://dx.doi.org/10.1002/andp.19053221004",
    keywords = "physics"
}